@article {HT,
    AUTHOR = {Hartman, Philip and Stampacchia, Guido},
     TITLE = {On some non-linear elliptic differential-functional equations},
   JOURNAL = {Acta Math.},
  FJOURNAL = {Acta Mathematica},
    VOLUME = {115},
      YEAR = {1966},
     PAGES = {271--310},
      ISSN = {0001-5962},
   MRCLASS = {35.88},
 % MRNUMBER = {MR0206537 (34 \#6355)},
%MRREVIEWER = {H. B. Jenkins},
}




@book {GM,
    AUTHOR = {Giaquinta, Mariano and Martinazzi, Luca},
     TITLE = {An introduction to the regularity theory for elliptic systems,
              harmonic maps and minimal graphs},
    SERIES = {Lecture Notes. Scuola Normale Superiore di Pisa (New
              Series)},
    VOLUME = {2},
 PUBLISHER = {Edizioni della Normale, Pisa},
      YEAR = {2005},
     PAGES = {xii+302},
      ISBN = {88-7642-168-8},
   MRCLASS = {35-02 (35B65 35J20 35J55 35J60 49N60 58E20)},
 % MRNUMBER = {},
%MRREVIEWER = {Alain Brillard},
}

@article {MTholder,
    AUTHOR = {Mariconda, Carlo and Treu, Giulia},
     TITLE = {H\"older regularity for a classical problem
of the calculus of variations},
   JOURNAL = {Adv. Calc. Var.},
  FJOURNAL = {Advances in Calculus of Variations},
    VOLUME = {2},
    PAGES={311--320}
      YEAR ={2009},}